%% This BibTeX bibliography file was created using BibDesk.
%% https://bibdesk.sourceforge.io/

%% Created for Ali Alshafai at 2023-11-28 14:00:34 +0300 


%% Saved with string encoding Unicode (UTF-8) 



@book{cite-key,
	date-added = {2023-11-28 14:00:29 +0300},
	date-modified = {2023-11-28 14:00:29 +0300}}

@book{Aho:72,
	address = {Englewood Cliffs, NJ},
	author = {Alfred V. Aho and Jeffrey D. Ullman},
	publisher = {Prentice-Hall},
	title = {The Theory of Parsing, Translation and Compiling},
	volume = {1},
	year = {1972}}

@book{APA:83,
	address = {Washington, DC},
	author = {{American Psychological Association}},
	publisher = {American Psychological Association},
	title = {Publications Manual},
	year = {1983}}

@article{ACM:83,
	author = {Association for Computing Machinery},
	journal = {Computing Reviews},
	number = {11},
	pages = {503--512},
	volume = {24},
	year = {1983}}

@article{Chandra:81,
	author = {Ashok K. Chandra and Dexter C. Kozen and Larry J. Stockmeyer},
	doi = {10.1145/322234.322243},
	journal = {Journal of the Association for Computing Machinery},
	number = {1},
	pages = {114--133},
	title = {Alternation},
	volume = {28},
	year = {1981},
	bdsk-url-1 = {https://doi.org/10.1145/322234.322243}}

@inproceedings{andrew2007scalable,
	author = {Andrew, Galen and Gao, Jianfeng},
	booktitle = {Proceedings of the 24th International Conference on Machine Learning},
	pages = {33--40},
	title = {Scalable training of {L1}-regularized log-linear models},
	year = {2007}}

@book{Gusfield:97,
	address = {Cambridge, UK},
	author = {Dan Gusfield},
	publisher = {Cambridge University Press},
	title = {Algorithms on Strings, Trees and Sequences},
	year = {1997}}

@inproceedings{borsch2011,
	address = {Canberra, Australia},
	author = {Benjamin Borschinger and Mark Johnson},
	booktitle = {Proceedings of the Australasian Language Technology Association Workshop 2011},
	month = {December},
	pages = {10--18},
	title = {A Particle Filter algorithm for {B}ayesian Wordsegmentation},
	year = {2011}}

@article{rasooli-tetrault-2015,
	author = {Mohammad Sadegh Rasooli and Joel R. Tetreault},
	journal = {Computing Research Repository},
	note = {version 2},
	title = {Yara Parser: {A} Fast and Accurate Dependency Parser},
	url = {http://arxiv.org/abs/1503.06733},
	volume = {arXiv:1503.06733},
	year = {2015},
	bdsk-url-1 = {http://arxiv.org/abs/1503.06733}}

@article{Ando2005,
	acmid = {1194905},
	author = {Ando, Rie Kubota and Zhang, Tong},
	issn = {1532-4435},
	issue_date = {12/1/2005},
	journal = {Journal of Machine Learning Research},
	month = dec,
	numpages = {37},
	pages = {1817--1853},
	publisher = {JMLR.org},
	title = {A Framework for Learning Predictive Structures from Multiple Tasks and Unlabeled Data},
	volume = {6},
	year = {2005}}

@inproceedings{P16-1001,
	author = {Goodman, James and Vlachos, Andreas and Naradowsky, Jason},
	booktitle = {Proceedings of the 54th Annual Meeting of the Association for Computational Linguistics (Volume 1: Long Papers)},
	doi = {10.18653/v1/P16-1001},
	location = {Berlin, Germany},
	pages = {1--11},
	publisher = {Association for Computational Linguistics},
	title = {Noise reduction and targeted exploration in imitation learning for Abstract Meaning Representation parsing},
	url = {http://aclweb.org/anthology/P16-1001},
	year = {2016},
	bdsk-url-1 = {http://aclweb.org/anthology/P16-1001},
	bdsk-url-2 = {https://doi.org/10.18653/v1/P16-1001}}

@inproceedings{C14-1001,
	author = {Harper, Mary},
	booktitle = {Proceedings of COLING 2014, the 25th International Conference on Computational Linguistics: Technical Papers},
	location = {Dublin, Ireland},
	pages = {1},
	publisher = {Dublin City University and Association for Computational Linguistics},
	title = {Learning from 26 Languages: Program Management and Science in the Babel Program},
	url = {http://aclweb.org/anthology/C14-1001},
	year = {2014},
	bdsk-url-1 = {http://aclweb.org/anthology/C14-1001}}

@misc{poliak2018hypothesis,
      title={Hypothesis Only Baselines in Natural Language Inference}, 
      author={Adam Poliak and Jason Naradowsky and Aparajita Haldar and Rachel Rudinger and Benjamin Van Durme},
      year={2018},
      eprint={1805.01042},
      archivePrefix={arXiv},
      primaryClass={cs.CL}
}

@misc{mccoy2019right,
      title={Right for the Wrong Reasons: Diagnosing Syntactic Heuristics in Natural Language Inference}, 
      author={R. Thomas McCoy and Ellie Pavlick and Tal Linzen},
      year={2019},
      eprint={1902.01007},
      archivePrefix={arXiv},
      primaryClass={cs.CL}
}

@misc{clark2019dont,
      title={Don't Take the Easy Way Out: Ensemble Based Methods for Avoiding Known Dataset Biases}, 
      author={Christopher Clark and Mark Yatskar and Luke Zettlemoyer},
      year={2019},
      eprint={1909.03683},
      archivePrefix={arXiv},
      primaryClass={cs.CL}
}

@article{hinton2002training,
  title={Training products of experts by minimizing contrastive divergence},
  author={Hinton, Geoffrey E},
  journal={Neural computation},
  volume={14},
  number={8},
  pages={1771--1800},
  year={2002},
  publisher={MIT Press}
}

@misc{utama2020debiasing,
      title={Towards Debiasing NLU Models from Unknown Biases}, 
      author={Prasetya Ajie Utama and Nafise Sadat Moosavi and Iryna Gurevych},
      year={2020},
      eprint={2009.12303},
      archivePrefix={arXiv},
      primaryClass={cs.CL}
}

@misc{clark2020electra,
      title={ELECTRA: Pre-training Text Encoders as Discriminators Rather Than Generators}, 
      author={Kevin Clark and Minh-Thang Luong and Quoc V. Le and Christopher D. Manning},
      year={2020},
      eprint={2003.10555},
      archivePrefix={arXiv},
      primaryClass={cs.CL}
}

@misc{devlin2019bert,
      title={BERT: Pre-training of Deep Bidirectional Transformers for Language Understanding}, 
      author={Jacob Devlin and Ming-Wei Chang and Kenton Lee and Kristina Toutanova},
      year={2019},
      eprint={1810.04805},
      archivePrefix={arXiv},
      primaryClass={cs.CL}
}

@misc{turc2019wellread,
      title={Well-Read Students Learn Better: On the Importance of Pre-training Compact Models}, 
      author={Iulia Turc and Ming-Wei Chang and Kenton Lee and Kristina Toutanova},
      year={2019},
      eprint={1908.08962},
      archivePrefix={arXiv},
      primaryClass={cs.CL}
}

@misc{williams2018broadcoverage,
      title={A Broad-Coverage Challenge Corpus for Sentence Understanding through Inference}, 
      author={Adina Williams and Nikita Nangia and Samuel R. Bowman},
      year={2018},
      eprint={1704.05426},
      archivePrefix={arXiv},
      primaryClass={cs.CL}
}

@misc{bowman2015large,
      title={A large annotated corpus for learning natural language inference}, 
      author={Samuel R. Bowman and Gabor Angeli and Christopher Potts and Christopher D. Manning},
      year={2015},
      eprint={1508.05326},
      archivePrefix={arXiv},
      primaryClass={cs.CL}
}

@misc{sanh2020learning,
      title={Learning from others' mistakes: Avoiding dataset biases without modeling them}, 
      author={Victor Sanh and Thomas Wolf and Yonatan Belinkov and Alexander M. Rush},
      year={2020},
      eprint={2012.01300},
      archivePrefix={arXiv},
      primaryClass={cs.CL}
}